<?xml version="1.0" encoding="UTF-8"?><collection xmlns="http://www.loc.gov/MARC21/slim"><record><leader>00522nam--2200193-i-4500</leader><controlfield tag="001">000040633</controlfield><controlfield tag="002">20161230</controlfield><controlfield tag="005">20161230201042</controlfield><controlfield tag="008">060222s1000------------r-----000-0-ger-d</controlfield><datafield ind1=" " ind2=" " tag="040"><subfield code="a">IFIN-HH</subfield></datafield><datafield ind1=" " ind2=" " tag="041"><subfield code="a">ger</subfield></datafield><datafield ind1=" " ind2=" " tag="080"><subfield code="a">539.2</subfield></datafield><datafield ind1="1" ind2=" " tag="100"><subfield code="a">Schoffa,G</subfield></datafield><datafield ind1="1" ind2="0" tag="245"><subfield code="a">Elektronenspinrezonanz in der biologie</subfield><subfield code="c">G. schoffa</subfield></datafield><datafield ind1=" " ind2=" " tag="260"><subfield code="a">Karksruhe</subfield><subfield code="b">Verlag G.Braun</subfield><subfield code="c">1964</subfield></datafield><datafield ind1=" " ind2=" " tag="300"><subfield code="a">XV+352 P</subfield></datafield><datafield ind1=" " ind2=" " tag="490"><subfield code="a">Wissensschaftlische Bucherei. Bibliotheca Biophysica</subfield></datafield><datafield ind1=" " ind2=" " tag="852"><subfield code="a">19775</subfield><subfield code="c">539.143.43</subfield></datafield><datafield ind1=" " ind2=" " tag="CAT"><subfield code="a">Sys</subfield><subfield code="c">20120419</subfield><subfield code="h">111438</subfield></datafield></record></collection>